@inproceedings{ferranti2007brick,
  title={Brick\& Mortar: an on-line multi-agent exploration algorithm},
  author={Ferranti, Ettore and Trigoni, Niki and Levene, Mark},
  booktitle={Proceedings 2007 IEEE International Conference on Robotics and Automation},
  pages={761--767},
  year={2007},
  organization={IEEE}
}

@inproceedings{becker2013multi,
  title={A multi-agent flooding algorithm for search and rescue operations in unknown terrain},
  author={Becker, Matthias and Blatt, Florian and Szczerbicka, Helena},
  booktitle={German Conference on Multiagent System Technologies},
  pages={19--28},
  year={2013},
  organization={Springer}
}

@inproceedings{simmons2000coordination,
  title={Coordination for multi-robot exploration and mapping},
  author={Simmons, Reid and Apfelbaum, David and Burgard, Wolfram and Fox, Dieter and Moors, Mark and Thrun, Sebastian and Younes, H{\aa}kan},
  booktitle={AAAI/IAAI},
  pages={852--858},
  year={2000}
}

@book{russell2003artificial,
  title={Artificial intelligence: a modern approach},
  author={Russell, Stuart Jonathan and Norvig, Peter and Canny, John F and Malik, Jitendra M and Edwards, Douglas D},
  volume={2},
  year={2003},
  publisher={Prentice hall Upper Saddle River}
}

@inproceedings{koenig2001terrain,
  title={Terrain coverage with ant robots: a simulation study},
  author={Koenig, Sven and Liu, Yaxin},
  booktitle={Proceedings of the fifth international conference on Autonomous agents},
  pages={600--607},
  year={2001},
  organization={ACM}
}

@article{tarry1895probleme,
  title={Le probleme des labyrinthes},
  author={Tarry, Gaston},
  journal={Nouvelles annales de math{\'e}matiques, journal des candidats aux {\'e}coles polytechnique et normale},
  volume={14},
  pages={187--190},
  year={1895}
}


